@book{busemeyer, place={Cambridge}, title={Quantum models of cognition and decision}, publisher={Cambridge Univ. Press}, author={Busemeyer, Jerome R. and Bruza, Peter David}, year={2014}}

@article{khrennikov_haven_2009, title={Quantum mechanics and violations of the sure-thing principle: The use of probability interference and other concepts}, volume={53}, DOI={10.1016/j.jmp.2009.01.007}, number={5}, journal={Journal of Mathematical Psychology}, author={Khrennikov, Andrei Yu. and Haven, Emmanuel}, year={2009}, pages={378–388}}

@article{read_leeuwen_1998, title={Predicting Hunger: The Effects of Appetite and Delay on Choice}, volume={76}, DOI={10.1006/obhd.1998.2803}, number={2}, journal={Organizational Behavior and Human Decision Processes}, author={Read, Daniel and Leeuwen, Barbara Van}, year={1998}, pages={189–205}}

@article{tversky_shafir_1992, title={The Disjunction Effect in Choice under Uncertainty}, volume={3}, DOI={10.1111/j.1467-9280.1992.tb00678.x}, number={5}, journal={Psychological Science}, author={Tversky, Amos and Shafir, Eldar}, year={1992}, pages={305–310}}

@article{conlin_odonoghue_vogelsang_2007, title={Projection Bias in Catalog Orders}, volume={97}, DOI={10.1257/aer.97.4.1217}, number={4}, journal={American Economic Review}, author={Conlin, Michael and Odonoghue, Ted and Vogelsang, Timothy J}, year={2007}, pages={1217–1249}}

@article{badger_bickel_giordano_jacobs_loewenstein_marsch_2004, title={The Impact of Immediate Craving on the Valuation of Current and Future Opioids}, DOI={10.2139/ssrn.617461}, journal={SSRN Electronic Journal}, author={Badger, Gary and Bickel, Warren K. and Giordano, Louis A. and Jacobs, Eric A. and Loewenstein, George F. and Marsch, Lisa}, year={2004}}

@article{rogow_simon_komarovsky_1957, title={Models of Man: Social and Rational.}, volume={1}, DOI={10.2307/2109314}, number={3/4}, journal={Midwest Journal of Political Science}, author={Simon, Herbert A. and Komarovsky, Mirra}, year={1957}, pages={352}}

@article{samuelson_1937, title={A Note on Measurement of Utility}, volume={4}, DOI={10.2307/2967612}, number={2}, journal={The Review of Economic Studies}, author={Samuelson, Paul A.}, year={1937}, pages={155}}

@article{bruza_wang_busemeyer_2015, title={Quantum cognition: a new theoretical approach to psychology}, volume={19}, DOI={10.1016/j.tics.2015.05.001}, number={7}, journal={Trends in Cognitive Sciences}, author={Bruza, Peter D. and Wang, Zheng and Busemeyer, Jerome R.}, year={2015}, pages={383–393}}

@book{neumann_1932, place={Princeton, NJ}, title={Mathematical foundations of quantum mechanics}, publisher={Princeton University Press}, author={von Neumann, John}, year={1932}}

@article{loewenstein_odonoghue_rabin_2003, title={Projection Bias in Predicting Future Utility}, volume={118}, DOI={10.1162/003355303322552784}, number={4}, journal={The Quarterly Journal of Economics}, author={Loewenstein, G. and Odonoghue, T. and Rabin, M.}, year={2003}, month={Jan}, pages={1209–1248}}

@article{stewart_eliasmith_2013, title={Realistic neurons can compute the operations needed by quantum probability theory and other vector symbolic architectures}, volume={36}, DOI={10.1017/S0140525X12003111}, number={3}, journal={Behavioral and Brain Sciences}, publisher={Cambridge University Press}, author={Stewart, Terrence C. and Eliasmith, Chris}, year={2013}, pages={307–308}}

@article{dong_li_tarn_2008, title={ Quantum reinforcement learning}, volume={35}, DOI={10.5772/5275}, number={5}, journal={ IEEE Transactions on Systems, Man, and Cybernetics, B: Cybernetics}, author={Dong, Dao-Yi and Li, C and Tarn, TJ}, year={2008}, month={Jan}, pages={1207–1212}}


@ARTICLE{Farhi,
	author = {{Farhi}, E. and {Neven}, H.},
	title = "{Classification with Quantum Neural Networks on Near Term Processors}",
	eprint = {1802.06002},
	primaryClass = "quant-ph",
	keywords = {Quantum Physics},
	year = 2018,
	month = feb
}

@techreport{Farhi-a,
   author = {{Farhi}, E. and {Neven}, H.},
    title = {Classification with Quantum Neural Networks on Near Term Processors},
    institution = {ArXiV},
    type={eprint},
    number = {arXiv:1802.06002 [quant-ph]]},
     year = {2018},
    month = {Feb.},
   url = {https://arxiv.org/abs/1802.06002}
}

@article{Rebentrost,
	author = {{Rebentrost}, P. and {Schuld}, M. and {Wossnig}, L. and {Petruccione}, F. and 
	{Lloyd}, S.},
	title = "{Quantum gradient descent and Newton's method for constrained polynomial optimization}",
	journal = {ArXiv e-prints},
	archivePrefix = "arXiv",
	eprint = {1612.01789},
	primaryClass = "quant-ph",
	keywords = {Quantum Physics},
	year = 2016,
	month = dec,
	adsurl = {http://adsabs.harvard.edu/abs/2016arXiv161201789R},
	adsnote = {Provided by the SAO/NASA Astrophysics Data System}
}

@Article{kouda2005,
	author="Kouda, Noriaki
	and Matsui, Nobuyuki
	and Nishimura, Haruhiko
	and Peper, Ferdinand",
	title="An Examination of Qubit Neural Network in Controlling an Inverted Pendulum",
	journal="Neural Processing Letters",
	year="2005",
	month="Dec",
	day="01",
	volume="22",
	number="3",
	pages="277--290",
	abstract="The Qubit neuron model is a new non-standard computing scheme that has been found by simulations to have efficient processing abilities. In this paper we investigate the usefulness of the model for a non linear kinetic control application of an inverted pendulum on a cart. Simulations show that a neural network based on Qubit neurons would swing up and stabilize the pendulum, yet it also requires a shorter range over which the cart moves as compared to a conventional neural network model.",
	issn="1573-773X",
	doi="10.1007/s11063-005-8337-2",
	url="https://doi.org/10.1007/s11063-005-8337-2"
}

@article{shefrin_thaler_1977, title={An Economic Theory of Self-Control}, journal={Journal of Political Economy},volume={89},number={2},pages={392--406},DOI={10.3386/w0208}, author={Shefrin, H. and Thaler, Richard}, year={1977}}

@book{Khrennnikov10,
 author={A. Yu. Khrennikov},
 title={Ubiquitous Quantum Structure},
 publisher={Springer-Verlag},
 address={Berlin, DE},
 year={2010}
}

@book{dirac_1930, place={Oxford}, title={The principles of quantum mechanics}, publisher={Clarendon Press}, author={Dirac, P. A. M.}, year={1930}}

@article{basieva_khrennikov_ohya_yamato_2011, title={Quantum-like interference effect in gene expression: glucose-lactose destructive interference}, volume={5}, DOI={10.1007/s11693-011-9081-8}, number={1-2}, journal={Systems and Synthetic Biology}, author={Basieva, Irina and Khrennikov, Andrei and Ohya, Masanori and Yamato, Ichiro}, year={2011}, pages={59–68}}
